% The book chapter for our paper
@Inbook{cava_book_chapter,
author="Garc{\'i}a Cava, David
and Avenda{\~{n}}o-Valencia, Luis David
and Movsessian, Artur
and Roberts, Callum
and Tcherniak, Dmitri",
editor="Cury, Alexandre
and Ribeiro, Diogo
and Ubertini, Filippo
and Todd, Michael D.",
title="On Explicit and Implicit Procedures to Mitigate Environmental and Operational Variabilities in Data-Driven Structural Health Monitoring",
bookTitle="Structural Health Monitoring Based on Data Science Techniques",
year="2022",
publisher="Springer International Publishing",
address="Cham",
pages="309--330",
isbn="978-3-030-81716-9",
doi="10.1007/978-3-030-81716-9_15",
url="https://doi.org/10.1007/978-3-030-81716-9_15"}

@article{cava_paper,
author = {Callum Roberts and David Garcia Cava and Luis D Avendaño-Valencia},
title ={Addressing practicalities in multivariate nonlinear regression for mitigating environmental and operational variations},
journal = {Structural Health Monitoring},
volume = {22},
number = {2},
pages = {1237-1255},
year = {2023},
doi = {10.1177/14759217221091907},
URL = {https://doi.org/10.1177/14759217221091907},
eprint = {https://doi.org/10.1177/14759217221091907}}


% Reference 20 from the paper
@article{paper_ref20,
title = {Gaussian process models for mitigation of operational variability in the structural health monitoring of wind turbines},
journal = {Mechanical Systems and Signal Processing},
volume = {142},
pages = {106686},
year = {2020},
issn = {0888-3270},
doi = {https://doi.org/10.1016/j.ymssp.2020.106686},
url = {https://www.sciencedirect.com/science/article/pii/S0888327020300728},
author = {Luis David Avendaño-Valencia and Eleni N. Chatzi and Dmitri Tcherniak},
keywords = {Environmental and operational variability, Structural Health Monitoring, Non-stationary vibration, Wind turbine, Gaussian process regression, Time-series models}
}


% Study on model to compare modal shapes with experimental results
@article{MAC_study,
title = {Modal Assurance Criterion},
journal = {Procedia Engineering},
volume = {48},
pages = {543-548},
year = {2012},
note = {Modelling of Mechanical and Mechatronics Systems},
issn = {1877-7058},
doi = {https://doi.org/10.1016/j.proeng.2012.09.551},
url = {https://www.sciencedirect.com/science/article/pii/S1877705812046140},
author = {Miroslav Pastor and Michal Binda and Tomáš Harčarik},
keywords = {Modal Testing, Modal Assurance Criterion, Experimental Modal Anlaysis}
}


% Critique and comparison of modal criterion methods
@article{MAC_critique,
title = {The Modal Assurance Criterion (MAC): Twenty Years of Use and Abuse},
journal = {Sound and Vibration},
pages = {},
year = {2003},
month = {01},
volume = {37},
url = {https://www.researchgate.net/publication/241159992_The_Modal_Assurance_Criterion_MAC_Twenty_Years_of_Use_and_Abuse},
author = {Allemang, Randall},
}